<record><leader>00000cas a22000007a 4500</leader><controlfield tag="001">16652118</controlfield><controlfield tag="008">870908d19691970pauwr ne      0    0eng d</controlfield><datafield ind1=" " ind2=" " tag="010"><subfield code="a">sn 87078517 </subfield></datafield><datafield ind1=" " ind2=" " tag="040"><subfield code="a">NPH</subfield><subfield code="b">eng</subfield><subfield code="c">NPH</subfield><subfield code="d">OCLCQ</subfield></datafield><datafield ind1=" " ind2=" " tag="042"><subfield code="a">msc</subfield></datafield><datafield ind1="0" ind2="0" tag="245"><subfield code="a">Phoenix area news.</subfield></datafield><datafield ind1=" " ind2=" " tag="260"><subfield code="a">Royersford, Pa. :</subfield><subfield code="b">Weekly Advertiser, Inc.,</subfield><subfield code="c">1969-1970.</subfield></datafield><datafield ind1=" " ind2=" " tag="300"><subfield code="a">v.</subfield></datafield><datafield ind1=" " ind2=" " tag="310"><subfield code="a">Weekly</subfield></datafield><datafield ind1="0" ind2=" " tag="362"><subfield code="a">No. 1 (July 2, 1969)-no. 32 (Feb. 5, 1970).</subfield></datafield><datafield ind1=" " ind2=" " tag="580"><subfield code="a">Phoenixville edition of the Weekly advertiser (Royersford, Pa. : 1965).</subfield></datafield><datafield ind1=" " ind2=" " tag="752"><subfield code="a">United States</subfield><subfield code="b">Pennsylvania</subfield><subfield code="c">Montgomery</subfield><subfield code="d">Royersford.</subfield></datafield><datafield ind1=" " ind2=" " tag="752"><subfield code="a">United States</subfield><subfield code="b">Pennsylvania</subfield><subfield code="d">Chester</subfield><subfield code="d">Phoenixville.</subfield></datafield><datafield ind1="1" ind2=" " tag="775"><subfield code="t">Weekly advertiser (Royersford, Pa. : 1965)</subfield><subfield code="w">(DLC)sn 87078590</subfield></datafield></record>